@MastersThesis{KABO05,
	author = {Aritz Bastida Ojaguren},
	title = {Diseño e implementación de un sensor a nivel de kernel para el análisis de tráfico en redes de alta velocidad},
	school = {Escuela Técnica Superior de Ingeniería de Bilbao},
	year = {2005},
}

@MastersThesis{AIDG03,
	author = {Íñigo Delgado García},
	title = {Diseño de un sistema de gestión para dispositivos dedicados al análisis de tráfico de red},
	school = {Escuela Técnica Superior de Ingeniería de Bilbao},
	year = {2003},
}

@article{AABS05,
	author = {Alfredo Beaumont Sainz},
	title = {Arquitectura de red para la automatización de pruebas},
	year = {2005},
	journal = {V Jornadas de Ingeniería Telemática, JITEL},
}

@MastersThesis{DAPR07,
	author = {Alberto Pineda Rodriguez},
	title = {Sistema de inyección de tráfico},
	year = {2007},
	school = {Escuela Técnica Superior de Ingeniería de Bilbao},
}
